@misc{pythonre,
   title = "Regular expression operations -- Python 3.4.1 documentation",
   author = {Python Software Foundation},
   howpublished = "\url{https://docs.python.org/3.4/library/re.html}"
}

@misc{chess,
   title = "Algebraic notation (chess)",
   author = {Wikipedia},
   howpublished = "\url{http://en.wikipedia.org/wiki/Algebraic_notation_\%28chess\%29}"
}
